%% This BibTeX bibliography file was created using BibDesk.
%% http://bibdesk.sourceforge.net/


%% Created for calhoun at 2021-05-07 11:35:53 -0600 


%% Saved with string encoding Unicode (UTF-8) 



@article{ma-ah-be-ca-ge-ha-ke-le-le:2016,
	author = {Kyle T. Mandli and Aron. J. Ahmadia and Marsha Berger and Donna Calhoun and David L. George and Yannis Hadjimichael and David I. Ketcheson and Grady I. Lemoine and Randall J. LeVeque},
	date-added = {2021-05-07 11:35:16 -0600},
	date-modified = {2021-05-07 11:35:16 -0600},
	doi = {https://doi.org/10.7717/peerj-cs.68},
	journal = peerjcs,
	keywords = {clawpack; finite volume; hyperbolic},
	month = {August 8},
	number = {68},
	title = {{Clawpack: Building an open source ecosystem for solving hyperbolic PDEs}},
	url = {https://peerj.com/search/?q=mandli&t=&type=articles&subject=&topic=&uid=&sort=&journal=cs&discipline=&type=articles},
	volume = {2},
	year = {2016},
	Bdsk-File-1 = {YnBsaXN0MDDSAQIDBFxyZWxhdGl2ZVBhdGhZYWxpYXNEYXRhXxBDLi4vLi4vLi4vLi4vbGl0ZXJhdHVyZS9hcnRpY2xlcy9tYS1haC1iZS1jYS1nZS1oYS1rZS1sZS1sZS0yMDE2LnBkZk8RAcIAAAAAAcIAAgAADE1hY2ludG9zaCBIRAAAAAAAAAAAAAAAAAAAAAAAAABCRAAB/////x9tYS1haC1iZS1jYS1nZS1oYS0jRkZGRkZGRkYucGRmAAAAAAAAAAAAAAAAAAAAAAAAAAAAAAAAAAAAAAAAAAD/////AAAAAAAAAAAAAAAAAAQAAwAACiBjdQAAAAAAAAAAAAAAAAAIYXJ0aWNsZXMAAgBPLzpVc2VyczpjYWxob3VuOkRyb3Bib3g6bGl0ZXJhdHVyZTphcnRpY2xlczptYS1haC1iZS1jYS1nZS1oYS1rZS1sZS1sZS0yMDE2LnBkZgAADgBIACMAbQBhAC0AYQBoAC0AYgBlAC0AYwBhAC0AZwBlAC0AaABhAC0AawBlAC0AbABlAC0AbABlAC0AMgAwADEANgAuAHAAZABmAA8AGgAMAE0AYQBjAGkAbgB0AG8AcwBoACAASABEABIATVVzZXJzL2NhbGhvdW4vRHJvcGJveC9saXRlcmF0dXJlL2FydGljbGVzL21hLWFoLWJlLWNhLWdlLWhhLWtlLWxlLWxlLTIwMTYucGRmAAATAAEvAAAVAAIADv//AAAACAANABoAJABqAAAAAAAAAgEAAAAAAAAABQAAAAAAAAAAAAAAAAAAAjA=},
	Bdsk-Url-1 = {https://peerj.com/search/?q=mandli&t=&type=articles&subject=&topic=&uid=&sort=&journal=cs&discipline=&type=articles},
	Bdsk-Url-2 = {https://doi.org/10.7717/peerj-cs.68}}

@article{ge:2008,
	abstract = {We present a class of augmented approximate Riemann solvers for the shallow water equations in the presence of a variable bottom surface. These belong to the class of simple approximate solvers that use a set of propagating jump discontinuities, or waves, to approximate the true Riemann solution. Typically, a simple solver for a system of m conservation laws uses m such discontinuities. We present a four wave solver for use with the the shallow water equations---a system of two equations in one dimension. The solver is based on a decomposition of an augmented solution vector---the depth, momentum as well as momentum flux and bottom surface. By decomposing these four variables into four waves the solver is endowed with several desirable properties simultaneously. This solver is well-balanced: it maintains a large class of steady states by the use of a properly defined steady state wave---a stationary jump discontinuity in the Riemann solution that acts as a source term. The form of this wave is introduced and described in detail. The solver also maintains depth non-negativity and extends naturally to Riemann problems with an initial dry state. These are important properties for applications with steady states and inundation, such as tsunami and flood modeling. Implementing the solver with LeVeque's wave propagation algorithm [R.J. LeVeque, Wave propagation algorithms for multi-dimensional hyperbolic systems, J. Comput. Phys. 131 (1997) 327--335] is also described. Several numerical simulations are shown, including a test problem for tsunami modeling.},
	author = {David L. George},
	date-added = {2021-05-07 11:35:00 -0600},
	date-modified = {2021-05-07 11:35:00 -0600},
	doi = {https://doi.org/10.1016/j.jcp.2007.10.027},
	issn = {0021-9991},
	journal = jcp,
	keywords = {SWE},
	number = {6},
	pages = {3089 - 3113},
	title = {{Augmented Riemann solvers for the shallow water equations over variable topography with steady states and inundation}},
	url = {http://www.sciencedirect.com/science/article/pii/S0021999107004767},
	volume = {227},
	year = {2008},
	Bdsk-File-1 = {YnBsaXN0MDDSAQIDBFxyZWxhdGl2ZVBhdGhZYWxpYXNEYXRhXxArLi4vLi4vLi4vLi4vbGl0ZXJhdHVyZS9hcnRpY2xlcy9nZS0yMDA4LnBkZk8RAWIAAAAAAWIAAgAADE1hY2ludG9zaCBIRAAAAAAAAAAAAAAAAAAAAAAAAABCRAAB/////wtnZS0yMDA4LnBkZgAAAAAAAAAAAAAAAAAAAAAAAAAAAAAAAAAAAAAAAAAAAAAAAAAAAAAAAAAAAAAAAAAAAAD/////AAAAAFBERiAAAAAAAAQAAwAACiBjdQAAAAAAAAAAAAAAAAAIYXJ0aWNsZXMAAgA3LzpVc2VyczpjYWxob3VuOkRyb3Bib3g6bGl0ZXJhdHVyZTphcnRpY2xlczpnZS0yMDA4LnBkZgAADgAYAAsAZwBlAC0AMgAwADAAOAAuAHAAZABmAA8AGgAMAE0AYQBjAGkAbgB0AG8AcwBoACAASABEABIANVVzZXJzL2NhbGhvdW4vRHJvcGJveC9saXRlcmF0dXJlL2FydGljbGVzL2dlLTIwMDgucGRmAAATAAEvAAAVAAIADv//AAAACAANABoAJABSAAAAAAAAAgEAAAAAAAAABQAAAAAAAAAAAAAAAAAAAbg=},
	Bdsk-Url-1 = {http://www.sciencedirect.com/science/article/pii/S0021999107004767},
	Bdsk-Url-2 = {https://doi.org/10.1016/j.jcp.2007.10.027}}

@article{be-ge-le-ma:2011,
	author = {Berger, Marsha J. and David L. George and Randall J. LeVeque and Kyle T. Mandli},
	date-added = {2021-05-07 11:34:24 -0600},
	date-modified = {2021-05-07 11:34:24 -0600},
	doi = {10.1016/j.advwatres.2011.02.016},
	journal = advwatres,
	keywords = {amr; patch-based; software, tsunami},
	month = {September},
	note = {arXiv:1008.0455v2 [physics.geo-ph]},
	number = {9},
	pages = {1195-1206},
	title = {{The GeoClaw software for depth-averaged flows with adaptive refinement}},
	volume = {34},
	year = {2011},
	Bdsk-File-1 = {YnBsaXN0MDDSAQIDBFxyZWxhdGl2ZVBhdGhZYWxpYXNEYXRhXxA0Li4vLi4vLi4vLi4vbGl0ZXJhdHVyZS9hcnRpY2xlcy9iZS1nZS1sZS1tYS0yMDExLnBkZk8RAYQAAAAAAYQAAgAADE1hY2ludG9zaCBIRAAAAAAAAAAAAAAAAAAAAAAAAABCRAAB/////xRiZS1nZS1sZS1tYS0yMDExLnBkZgAAAAAAAAAAAAAAAAAAAAAAAAAAAAAAAAAAAAAAAAAAAAAAAAAAAAAAAAD/////AAAAAFBERiAAAAAAAAQAAwAACiBjdQAAAAAAAAAAAAAAAAAIYXJ0aWNsZXMAAgBALzpVc2VyczpjYWxob3VuOkRyb3Bib3g6bGl0ZXJhdHVyZTphcnRpY2xlczpiZS1nZS1sZS1tYS0yMDExLnBkZgAOACoAFABiAGUALQBnAGUALQBsAGUALQBtAGEALQAyADAAMQAxAC4AcABkAGYADwAaAAwATQBhAGMAaQBuAHQAbwBzAGgAIABIAEQAEgA+VXNlcnMvY2FsaG91bi9Ecm9wYm94L2xpdGVyYXR1cmUvYXJ0aWNsZXMvYmUtZ2UtbGUtbWEtMjAxMS5wZGYAEwABLwAAFQACAA7//wAAAAgADQAaACQAWwAAAAAAAAIBAAAAAAAAAAUAAAAAAAAAAAAAAAAAAAHj},
	Bdsk-Url-1 = {http://dx.doi.org/10.1016/j.advwatres.2011.02.016}}

@article{ba-le-mi-ro:2003,
	author = {Bale, Derek and LeVeque, Randall J. and Mitran, Sorin and Rossmanith, James},
	date-added = {2021-05-07 11:33:54 -0600},
	date-modified = {2021-05-07 11:33:54 -0600},
	doi = {10.1137/S106482750139738X},
	eprint = {http://dx.doi.org/10.1137/S106482750139738X},
	journal = sisc,
	keywords = {finite volume},
	number = {3},
	pages = {955-978},
	title = {{A Wave Propagation Method for Conservation Laws and Balance Laws with Spatially Varying Flux Functions}},
	url = {http://dx.doi.org/10.1137/S106482750139738X},
	volume = {24},
	year = {2003},
	Bdsk-File-1 = {YnBsaXN0MDDSAQIDBFxyZWxhdGl2ZVBhdGhZYWxpYXNEYXRhXxA0Li4vLi4vLi4vLi4vbGl0ZXJhdHVyZS9hcnRpY2xlcy9iYS1sZS1taS1yby0yMDAyLnBkZk8RAYQAAAAAAYQAAgAADE1hY2ludG9zaCBIRAAAAAAAAAAAAAAAAAAAAAAAAABCRAAB/////xRiYS1sZS1taS1yby0yMDAyLnBkZgAAAAAAAAAAAAAAAAAAAAAAAAAAAAAAAAAAAAAAAAAAAAAAAAAAAAAAAAD/////AAAAAAAAAAAAAAAAAAQAAwAACiBjdQAAAAAAAAAAAAAAAAAIYXJ0aWNsZXMAAgBALzpVc2VyczpjYWxob3VuOkRyb3Bib3g6bGl0ZXJhdHVyZTphcnRpY2xlczpiYS1sZS1taS1yby0yMDAyLnBkZgAOACoAFABiAGEALQBsAGUALQBtAGkALQByAG8ALQAyADAAMAAyAC4AcABkAGYADwAaAAwATQBhAGMAaQBuAHQAbwBzAGgAIABIAEQAEgA+VXNlcnMvY2FsaG91bi9Ecm9wYm94L2xpdGVyYXR1cmUvYXJ0aWNsZXMvYmEtbGUtbWktcm8tMjAwMi5wZGYAEwABLwAAFQACAA7//wAAAAgADQAaACQAWwAAAAAAAAIBAAAAAAAAAAUAAAAAAAAAAAAAAAAAAAHj},
	Bdsk-Url-1 = {http://dx.doi.org/10.1137/S106482750139738X}}

@article{le-ge-be:2011,
	author = {Randall J. LeVeque and David L. George and Marsha J. Berger},
	date-added = {2021-05-07 11:33:19 -0600},
	date-modified = {2021-05-07 11:33:19 -0600},
	doi = {10.1017/S0962492911000043},
	journal = actnum,
	keywords = {amr; patch-based; tsunami; software},
	month = {May},
	pages = {211 - 289},
	title = {Tsunami modelling with adaptively refined finite volume methods},
	volume = {20},
	year = {2011},
	Bdsk-File-1 = {YnBsaXN0MDDSAQIDBFxyZWxhdGl2ZVBhdGhZYWxpYXNEYXRhXxAxLi4vLi4vLi4vLi4vbGl0ZXJhdHVyZS9hcnRpY2xlcy9sZS1nZS1iZS0yMDExLnBkZk8RAXoAAAAAAXoAAgAADE1hY2ludG9zaCBIRAAAAAAAAAAAAAAAAAAAAAAAAABCRAAB/////xFsZS1nZS1iZS0yMDExLnBkZgAAAAAAAAAAAAAAAAAAAAAAAAAAAAAAAAAAAAAAAAAAAAAAAAAAAAAAAAAAAAD/////AAAAAAAAAAAAAAAAAAQAAwAACiBjdQAAAAAAAAAAAAAAAAAIYXJ0aWNsZXMAAgA9LzpVc2VyczpjYWxob3VuOkRyb3Bib3g6bGl0ZXJhdHVyZTphcnRpY2xlczpsZS1nZS1iZS0yMDExLnBkZgAADgAkABEAbABlAC0AZwBlAC0AYgBlAC0AMgAwADEAMQAuAHAAZABmAA8AGgAMAE0AYQBjAGkAbgB0AG8AcwBoACAASABEABIAO1VzZXJzL2NhbGhvdW4vRHJvcGJveC9saXRlcmF0dXJlL2FydGljbGVzL2xlLWdlLWJlLTIwMTEucGRmAAATAAEvAAAVAAIADv//AAAACAANABoAJABYAAAAAAAAAgEAAAAAAAAABQAAAAAAAAAAAAAAAAAAAdY=},
	Bdsk-Url-1 = {http://dx.doi.org/10.1017/S0962492911000043}}

@article{ge:2011,
	author = {George, D. L.},
	date-added = {2021-05-07 11:32:48 -0600},
	date-modified = {2021-05-07 11:32:48 -0600},
	doi = {10.1002/fld.2298},
	issn = {1097-0363},
	journal = ijnmf,
	keywords = {amr; patch-based; SWE},
	number = {8},
	pages = {1000--1018},
	publisher = {John Wiley & Sons, Ltd.},
	title = {{Adaptive finite volume methods with well-balanced Riemann solvers for modeling floods in rugged terrain: Application to the Malpasset dam-break flood (France, 1959)}},
	url = {http://dx.doi.org/10.1002/fld.2298},
	volume = {66},
	year = {2011},
	Bdsk-File-1 = {YnBsaXN0MDDSAQIDBFxyZWxhdGl2ZVBhdGhZYWxpYXNEYXRhXxArLi4vLi4vLi4vLi4vbGl0ZXJhdHVyZS9hcnRpY2xlcy9nZS0yMDExLnBkZk8RAWIAAAAAAWIAAgAADE1hY2ludG9zaCBIRAAAAAAAAAAAAAAAAAAAAAAAAABCRAAB/////wtnZS0yMDExLnBkZgAAAAAAAAAAAAAAAAAAAAAAAAAAAAAAAAAAAAAAAAAAAAAAAAAAAAAAAAAAAAAAAAAAAAD/////AAAAAAAAAAAAAAAAAAQAAwAACiBjdQAAAAAAAAAAAAAAAAAIYXJ0aWNsZXMAAgA3LzpVc2VyczpjYWxob3VuOkRyb3Bib3g6bGl0ZXJhdHVyZTphcnRpY2xlczpnZS0yMDExLnBkZgAADgAYAAsAZwBlAC0AMgAwADEAMQAuAHAAZABmAA8AGgAMAE0AYQBjAGkAbgB0AG8AcwBoACAASABEABIANVVzZXJzL2NhbGhvdW4vRHJvcGJveC9saXRlcmF0dXJlL2FydGljbGVzL2dlLTIwMTEucGRmAAATAAEvAAAVAAIADv//AAAACAANABoAJABSAAAAAAAAAgEAAAAAAAAABQAAAAAAAAAAAAAAAAAAAbg=},
	Bdsk-Url-1 = {http://dx.doi.org/10.1002/fld.2298}}

@book{leveque2002finite,
	title={Finite volume methods for hyperbolic problems},
	author={LeVeque, Randall J and others},
	volume={31},
	year={2002},
	publisher={Cambridge university press}
}

@article{sanchez2016uncertainty,
	title={Uncertainty quantification in tsunami modeling using multi-level Monte Carlo finite volume method},
	author={S{\'a}nchez-Linares, Carlos and de la Asunci{\'o}n, Marc and Castro, Manuel J and Gonz{\'a}lez-Vida, Jos{\'e} M and Mac{\'\i}as, Jorge and Mishra, Siddhartha},
	journal={Journal of Mathematics in Industry},
	volume={6},
	number={1},
	pages={1--26},
	year={2016},
	publisher={Springer}
}


@article{liu2021new,
	title={A New Method for Wet-Dry Front Treatment in Outburst Flood Simulation},
	author={Liu, Dingzhu and Tang, Jinbo and Wang, Hao and Cao, Yang and Bazai, Nazir Ahmed and Chen, Huayong and Liu, Daochuan},
	journal={Water},
	volume={13},
	number={2},
	pages={221},
	year={2021},
	publisher={Multidisciplinary Digital Publishing Institute}
}

@article{chaabelasri1849simple,
	title={A simple unstructured finite volume scheme for solving shallow water equations with wet/dry interface},
	author={Chaabelasri, Elmiloud and Jeyar, Mohamed and Salhi, Najim and Elmahi, Imad},
	journal={International Journal of Mechanical Engineering and Technology},
	volume={10},
	number={1},
	pages={2019},
	year={1849}
}

@article{nikolos2009unstructured,
	title={An unstructured node-centered finite volume scheme for shallow water flows with wet/dry fronts over complex topography},
	author={Nikolos, IK and Delis, AI},
	journal={Computer Methods in Applied Mechanics and Engineering},
	volume={198},
	number={47-48},
	pages={3723--3750},
	year={2009},
	publisher={Elsevier}
}

@article{huang2013well,
	title={Well-balanced finite volume scheme for shallow water flooding and drying over arbitrary topography},
	author={Huang, Yuxin and Zhang, Ningchuan and Pei, Yuguo},
	journal={Engineering Applications of Computational Fluid Mechanics},
	volume={7},
	number={1},
	pages={40--54},
	year={2013},
	publisher={Taylor \& Francis}
}

@article{fivser2016mass,
	title={A mass conservative well-balanced reconstruction at wet/dry interfaces for the Godunov-type shallow water model},
	author={Fi{\v{s}}er, Martin and {\"O}zgen, Ilhan and Hinkelmann, Reinhard and Vimmr, Jan},
	journal={International Journal for Numerical Methods in Fluids},
	volume={82},
	number={12},
	pages={893--908},
	year={2016},
	publisher={Wiley Online Library}
}

@article{bi2014finite,
	title={A finite volume method for modeling shallow flows with wet-dry fronts on adaptive Cartesian grids},
	author={Bi, Sheng and Zhou, Jianzhong and Liu, Yi and Song, Lixiang},
	journal={Mathematical problems in Engineering},
	volume={2014},
	year={2014},
	publisher={Hindawi}
}

@article{song2011unstructured,
	title={An unstructured finite volume model for dam-break floods with wet/dry fronts over complex topography},
	author={Song, Lixiang and Zhou, Jianzhong and Li, Qingqing and Yang, Xiaoling and Zhang, Yongchuan},
	journal={International Journal for Numerical Methods in Fluids},
	volume={67},
	number={8},
	pages={960--980},
	year={2011},
	publisher={Wiley Online Library}
}

@article{buttinger2019fast,
	title={A fast second-order shallow water scheme on two-dimensional structured grids over abrupt topography},
	author={Buttinger-Kreuzhuber, Andreas and Horv{\'a}th, Zsolt and Noelle, Sebastian and Bl{\"o}schl, G{\"u}nter and Waser, J{\"u}rgen},
	journal={Advances in water resources},
	volume={127},
	pages={89--108},
	year={2019},
	publisher={Elsevier}
}

@incollection{dutykh2007water,
	title={Water waves generated by a moving bottom},
	author={Dutykh, Denys and Dias, Fr{\'e}d{\'e}ric},
	booktitle={Tsunami and Nonlinear waves},
	pages={65--95},
	year={2007},
	publisher={Springer}
}

@incollection{dias2007dynamics,
	title={Dynamics of tsunami waves},
	author={Dias, Fr{\'e}d{\'e}ric and Dutykh, Denys},
	booktitle={Extreme man-made and natural hazards in dynamics of structures},
	pages={201--224},
	year={2007},
	publisher={Springer}
}

@article{zhao2019improved,
	title={An improved multislope MUSCL scheme for solving shallow water equations on unstructured grids},
	author={Zhao, Jiaheng and {\"O}zgen-Xian, Ilhan and Liang, Dongfang and Wang, Tian and Hinkelmann, Reinhard},
	journal={Computers \& Mathematics with Applications},
	volume={77},
	number={2},
	pages={576--596},
	year={2019},
	publisher={Elsevier}
} 
@article{marche2007evaluation,
	title={Evaluation of well-balanced bore-capturing schemes for 2D wetting and drying processes},
	author={Marche, F and Bonneton, Ph and Fabrie, P and Seguin, Nicolas},
	journal={International Journal for Numerical Methods in Fluids},
	volume={53},
	number={5},
	pages={867--894},
	year={2007},
	publisher={Wiley Online Library}
}

@article{godunov1959difference,
	title={A difference scheme for numerical solution of discontinuous solution of hydrodynamic equations},
	author={Godunov, Sergei Konstantinovich},
	journal={Math. Sbornik},
	volume={47},
	pages={271--306},
	year={1959}
}



@article{roe1981approximate,
	title={Approximate Riemann solvers, parameter vectors, and difference schemes},
	author={Roe, Philip L},
	journal={Journal of computational physics},
	volume={43},
	number={2},
	pages={357--372},
	year={1981},
	publisher={Elsevier}
}

@article{liang2009adaptive,
	title={Adaptive quadtree simulation of shallow flows with wet--dry fronts over complex topography},
	author={Liang, Qiuhua and Borthwick, Alistair GL},
	journal={Computers \& Fluids},
	volume={38},
	number={2},
	pages={221--234},
	year={2009},
	publisher={Elsevier}
}

@article{van1979towards,
	title={Towards the ultimate conservative difference scheme. V. A second-order sequel to Godunov's method},
	author={Van Leer, Bram},
	journal={Journal of computational Physics},
	volume={32},
	number={1},
	pages={101--136},
	year={1979},
	publisher={Elsevier}
}

@article{hou20132d,
	title={A 2D well-balanced shallow flow model for unstructured grids with novel slope source term treatment},
	author={Hou, Jingming and Liang, Qiuhua and Simons, Franz and Hinkelmann, Reinhard},
	journal={Advances in Water Resources},
	volume={52},
	pages={107--131},
	year={2013},
	publisher={Elsevier}
}
@inproceedings{pelanti2008relaxation,
	title={A relaxation method for modeling two-phase shallow granular flows},
	author={Pelanti, Marica and Bouchut, Fran{\c{c}}ois},
	booktitle={Proceedings of Symposia in Applied Mathematics},
	volume={67},
	number={2},
	pages={835--844},
	year={2008}
}

@article{pelanti2011riemann,
	title={A Riemann solver for single-phase and two-phase shallow flow models based on relaxation. Relations with Roe and VFRoe solvers},
	author={Pelanti, Marica and Bouchut, Fran{\c{c}}ois and Mangeney, Anne},
	journal={Journal of Computational Physics},
	volume={230},
	number={3},
	pages={515--550},
	year={2011},
	publisher={Elsevier}
}

@article{hou2014multislope,
	title={Multislope MUSCL method applied to solve shallow water equations},
	author={Hou, Jingming and Liang, Qiuhua and Zhang, Hongbin and Hinkelmann, Reinhard},
	journal={Computers \& Mathematics with Applications},
	volume={68},
	number={12},
	pages={2012--2027},
	year={2014},
	publisher={Elsevier}
}
@article{song2011robust,
	title={A robust well-balanced finite volume model for shallow water flows with wetting and drying over irregular terrain},
	author={Song, Lixiang and Zhou, Jianzhong and Guo, Jun and Zou, Qiang and Liu, Yi},
	journal={Advances in Water Resources},
	volume={34},
	number={7},
	pages={915--932},
	year={2011},
	publisher={Elsevier}
}

@book{toro2001shock,
	title={Shock-capturing methods for free-surface shallow flows},
	author={Toro, Eleuterio F},
	year={2001},
	publisher={Wiley-Blackwell}
}

@article{leveque2001class,
	title={A class of approximate Riemann solvers and their relation to relaxation schemes},
	author={LeVeque, Randall J and Pelanti, Marica},
	journal={Journal of Computational Physics},
	volume={172},
	number={2},
	pages={572--591},
	year={2001},
	publisher={Elsevier}
}

@article{bokhove2005flooding,
	title={Flooding and drying in discontinuous Galerkin finite-element discretizations of shallow-water equations. Part 1: one dimension},
	author={Bokhove, Onno},
	journal={Journal of scientific computing},
	volume={22},
	number={1},
	pages={47--82},
	year={2005},
	publisher={Springer}
}

@article{kubatko2007semi,
	title={Semi discrete discontinuous Galerkin methods and stage-exceeding-order, strong-stability-preserving Runge--Kutta time discretizations},
	author={Kubatko, Ethan J and Westerink, Joannes J and Dawson, Clint},
	journal={Journal of Computational Physics},
	volume={222},
	number={2},
	pages={832--848},
	year={2007},
	publisher={Elsevier}
}

@book{george2006finite,
	title={Finite volume methods and adaptive refinement for tsunami propagation and inundation},
	author={George, David L},
	year={2006},
	publisher={University of Washington}
}

@article{barzgaran2019numerical,
	title={Numerical simulation of bedload sediment transport with the ability to model wet/dry interfaces using an augmented Riemann solver},
	author={Barzgaran, Mina and Mahdizadeh, Hossein and Sharifi, Soroosh},
	journal={Journal of Hydroinformatics},
	volume={21},
	number={5},
	pages={834--850},
	year={2019},
	publisher={IWA Publishing}
}